% Encoding: UTF-8
@online{vex-ir,
  author = {{Angr}},
  title = {VEX IR},
  year = 2021,
  url = {https://docs.angr.io/advanced-topics/ir},
  urldate = {2021-10}
}
@online{bap-ir,
  author = {{Binary Analysis Platform}},
  title = {BAP IR},
  year = 2021,
  url = {https://binaryanalysisplatform.github.io/bap/api/odoc/bap/Bap/Std/Bil/index.html},
  urldate = {2021-10}
}
@online{llvm-ir,
  author = {{LLVM}},
  title = {LLVM IR},
  year = 2021,
  url = {https://llvm.org/docs/LangRef.html},
  urldate = {2021-10}
}
@article{ieee-sre,
author={Chikofsky, E.J. and Cross, J.H.},
journal={IEEE Software},
title={Reverse engineering and design recovery: a taxonomy},
year={1990},
volume={7},
number={1},
pages={13-17},
doi={10.1109/52.43044}
}

% TOOLS
@misc{hex2014ida,
  title={IDA Pro: a cross-platform multi-processor disassembler and debugger},
  author={Hex-Rays, SA},
  year={2014}
}
@misc{kvroustek2017retdec,
  title={Retdec: An open-source machine-code decompiler},
  author={K{\v{r}}oustek, Jakub and Matula, Peter and Zemek, P},
  year={2017},
  publisher={December}
}
@misc{ghidra,
  title={{Ghidra}},
  howpublished = "\url{https://www.nsa.gov/resources/everyone/ghidra/}",
  author={National Security Agency (NSA)},
  year={2018}
}
@misc{radare,
  title={radare2},
  year = {2016},
  howpublished = "\url{http://www.radare.org/r/}",
}
@misc{mcsema,
  title={{McSema}},
  howpublished = "\url{https://github.com/lifting-bits/mcsema}",
  author={Trail of Bits},
  year={2021}
}
@misc{trailofbits,
  title={{Trail of Bits}},
  howpublished = "\url{https://www.trailofbits.com/}",
  author={{Trail of Bits}},
  year={2021}
}
@misc{avast,
  title={{Avast}},
  howpublished = "\url{https://www.avast.com/}",
  author={Avast},
  year={2021}
}
@Misc{retdec,
    author = {{Avast Software}},
    title = {{RetDec}: A Retargetable Machine-Code Decompiler},
    howpublished = {\url{https://retdec.com/}}
}
@misc{mctoll,
  title={{llvm-mctoll}},
  howpublished = "\url{https://github.com/Microsoft/llvm-mctoll}",
  author={Microsoft},
  year={2018}
}
@misc{pyvex,
  title={{PyVex}},
  howpublished = "\url{https://github.com/angr/pyvex}",
}

% DISASSEMBLY
@inproceedings{shoshitaishvili2016sok,
  title={Sok:(state of) the art of war: Offensive techniques in binary analysis},
  author={Shoshitaishvili, Yan and Wang, Ruoyu and Salls, Christopher and Stephens, Nick and Polino, Mario and Dutcher, Andrew and Grosen, John and Feng, Siji and Hauser, Christophe and Kruegel, Christopher and others},
  booktitle={2016 IEEE Symposium on Security and Privacy (SP)},
  pages={138--157},
  year={2016},
  organization={IEEE}
}
@article{cifuentes2000uqbt,
  title={UQBT: Adaptable binary translation at low cost},
  author={Cifuentes, Cristina and Van Emmerik, Mike},
  journal={Computer},
  volume={33},
  number={3},
  pages={60--66},
  year={2000},
  publisher={IEEE}
}
@inproceedings{schwarz2002disassembly,
  title={Disassembly of executable code revisited},
  author={Schwarz, Benjamin and Debray, Saumya and Andrews, Gregory},
  booktitle={Ninth Working Conference on Reverse Engineering, 2002. Proceedings.},
  pages={45--54},
  year={2002},
  organization={IEEE}
}
@inproceedings{wang2015reassembleable,
  title={Reassembleable disassembling},
  author={Wang, Shuai and Wang, Pei and Wu, Dinghao},
  booktitle={24th $\{$USENIX$\}$ Security Symposium ($\{$USENIX$\}$ Security 15)},
  pages={627--642},
  year={2015}
}
@inproceedings{miller2019probabilistic,
  title={Probabilistic disassembly},
  author={Miller, Kenneth and Kwon, Yonghwi and Sun, Yi and Zhang, Zhuo and Zhang, Xiangyu and Lin, Zhiqiang},
  booktitle={2019 IEEE/ACM 41st International Conference on Software Engineering (ICSE)},
  pages={1187--1198},
  year={2019},
  organization={IEEE}
}
@inproceedings{bauman2018superset,
  title={Superset Disassembly: Statically Rewriting x86 Binaries Without Heuristics.},
  author={Bauman, Erick and Lin, Zhiqiang and Hamlen, Kevin W and others},
  booktitle={NDSS},
  year={2018}
}
@article{balakrishnan2010wysinwyx,
  title={WYSINWYX: What you see is not what you eXecute},
  author={Balakrishnan, Gogul and Reps, Thomas},
  journal={ACM Transactions on Programming Languages and Systems (TOPLAS)},
  volume={32},
  number={6},
  pages={1--84},
  year={2010},
  publisher={ACM New York, NY, USA}
}
@inproceedings{kruegel2004static,
  title={Static disassembly of obfuscated binaries},
  author={Kruegel, Christopher and Robertson, William and Valeur, Fredrik and Vigna, Giovanni},
  booktitle={USENIX security Symposium},
  volume={13},
  pages={18--18},
  year={2004}
}
@inproceedings{flores2020datalog,
  title={Datalog disassembly},
  author={Flores-Montoya, Antonio and Schulte, Eric},
  booktitle={29th $\{$USENIX$\}$ Security Symposium ($\{$USENIX$\}$ Security 20)},
  pages={1075--1092},
  year={2020}
}
@article{pei2020xda,
  title={Xda: Accurate, robust disassembly with transfer learning},
  author={Pei, Kexin and Guan, Jonas and Williams-King, David and Yang, Junfeng and Jana, Suman},
  journal={arXiv preprint arXiv:2010.00770},
  year={2020}
}

% IR
@inproceedings{anand2013compiler,
  title={A compiler-level intermediate representation based binary analysis and rewriting system},
  author={Anand, Kapil and Smithson, Matthew and Elwazeer, Khaled and Kotha, Aparna and Gruen, Jim and Giles, Nathan and Barua, Rajeev},
  booktitle={Proceedings of the 8th ACM European Conference on Computer Systems},
  pages={295--308},
  year={2013}
}
@inproceedings{elwazeer2013scalable,
  title={Scalable variable and data type detection in a binary rewriter},
  author={ElWazeer, Khaled and Anand, Kapil and Kotha, Aparna and Smithson, Matthew and Barua, Rajeev},
  booktitle={Proceedings of the 34th ACM SIGPLAN conference on Programming language design and implementation},
  pages={51--60},
  year={2013}
}
@inproceedings{altinay2020binrec,
  title={BinRec: dynamic binary lifting and recompilation},
  author={Altinay, Anil and Nash, Joseph and Kroes, Taddeus and Rajasekaran, Prabhu and Zhou, Dixin and Dabrowski, Adrian and Gens, David and Na, Yeoul and Volckaert, Stijn and Giuffrida, Cristiano and others},
  booktitle={Proceedings of the Fifteenth European Conference on Computer Systems},
  pages={1--16},
  year={2020}
}
@article{wang2018enhancing,
  title={Enhancing cross-isa dbt through automatically learned translation rules},
  author={Wang, Wenwen and McCamant, Stephen and Zhai, Antonia and Yew, Pen-Chung},
  journal={ACM SIGPLAN Notices},
  volume={53},
  number={2},
  pages={84--97},
  year={2018},
  publisher={ACM New York, NY, USA}
}
@inproceedings{song2019unleashing,
  title={Unleashing the power of learning: An enhanced learning-based approach for dynamic binary translation},
  author={Song, Changheng and Wang, Wenwen and Yew, Pen-Chung and Zhai, Antonia and Zhang, Weihua},
  booktitle={2019 $\{$USENIX$\}$ Annual Technical Conference ($\{$USENIX$\}$$\{$ATC$\}$ 19)},
  pages={77--90},
  year={2019}
}

% LIFTER VERIFICATION
@inproceedings{kim2017testing,
  title={Testing intermediate representations for binary analysis},
  author={Kim, Soomin and Faerevaag, Markus and Jung, Minkyu and Jung, Seungll and Oh, DongYeop and Lee, JongHyup and Cha, Sang Kil},
  booktitle={2017 32nd IEEE/ACM International Conference on Automated Software Engineering (ASE)},
  pages={353--364},
  year={2017},
  organization={IEEE}
}
@inproceedings{dasgupta2020scalable,
  title={Scalable validation of binary lifters},
  author={Dasgupta, Sandeep and Dinesh, Sushant and Venkatesh, Deepan and Adve, Vikram S and Fletcher, Christopher W},
  booktitle={Proceedings of the 41st ACM SIGPLAN Conference on Programming Language Design and Implementation},
  pages={655--671},
  year={2020}
}
@inproceedings{dasgupta2019complete,
  title={A complete formal semantics of x86-64 user-level instruction set architecture},
  author={Dasgupta, Sandeep and Park, Daejun and Kasampalis, Theodoros and Adve, Vikram S and Ro{\c{s}}u, Grigore},
  booktitle={Proceedings of the 40th ACM SIGPLAN Conference on Programming Language Design and Implementation},
  pages={1133--1148},
  year={2019}
}
@inproceedings{brumley2011bap,
  title={BAP: A binary analysis platform},
  author={Brumley, David and Jager, Ivan and Avgerinos, Thanassis and Schwartz, Edward J},
  booktitle={International Conference on Computer Aided Verification},
  pages={463--469},
  year={2011},
  organization={Springer}
}
@inproceedings{bardin2011bincoa,
  title={The BINCOA framework for binary code analysis},
  author={Bardin, S{\'e}bastien and Herrmann, Philippe and Leroux, J{\'e}r{\^o}me and Ly, Olivier and Tabary, Renaud and Vincent, Aymeric},
  booktitle={International Conference on Computer Aided Verification},
  pages={165--170},
  year={2011},
  organization={Springer}
}

% VARIABLE RECOVERY
@inproceedings{balakrishnan2007divine,
  title={Divine: Discovering variables in executables},
  author={Balakrishnan, Gogul and Reps, Thomas},
  booktitle={International Workshop on Verification, Model Checking, and Abstract Interpretation},
  pages={1--28},
  year={2007},
  organization={Springer}
}
@inproceedings{reps2008improved,
  title={Improved memory-access analysis for x86 executables},
  author={Reps, Thomas and Balakrishnan, Gogul},
  booktitle={International Conference on Compiler Construction},
  pages={16--35},
  year={2008},
  organization={Springer}
}
@inproceedings{lin2010automatic,
  title={Automatic reverse engineering of data structures from binary execution},
  author={Lin, Zhiqiang and Zhang, Xiangyu and Xu, Dongyan},
  booktitle={Proceedings of the 11th Annual Information Security Symposium},
  pages={1--1},
  year={2010}
}
@inproceedings{slowinska2011howard,
  title={Howard: A Dynamic Excavator for Reverse Engineering Data Structures.},
  author={Slowinska, Asia and Stancescu, Traian and Bos, Herbert},
  booktitle={NDSS},
  year={2011}
}
@inproceedings{zhang2021osprey,
  title={OSPREY: Recovery of Variable and Data Structure via Probabilistic Analysis for Stripped Binary},
  author={Zhang, Zhuo and Ye, Yapeng and You, Wei and Tao, Guanhong and Lee, Wen-chuan and Kwon, Yonghwi and Aafer, Yousra and Zhang, Xiangyu},
  booktitle={2021 IEEE Symposium on Security and Privacy (SP)},
  pages={813--832},
  year={2021},
  organization={IEEE}
}
@article{zhang2019bda,
  title={BDA: practical dependence analysis for binary executables by unbiased whole-program path sampling and per-path abstract interpretation},
  author={Zhang, Zhuo and You, Wei and Tao, Guanhong and Wei, Guannan and Kwon, Yonghwi and Zhang, Xiangyu},
  journal={Proceedings of the ACM on Programming Languages},
  volume={3},
  number={OOPSLA},
  pages={1--31},
  year={2019},
  publisher={ACM New York, NY, USA}
}

% TYPE RECOVERY
@article{caballero2016type,
  title={Type inference on executables},
  author={Caballero, Juan and Lin, Zhiqiang},
  journal={ACM Computing Surveys (CSUR)},
  volume={48},
  number={4},
  pages={1--35},
  year={2016},
  publisher={ACM New York, NY, USA}
}
@article{lee2011tie,
  title={TIE: Principled reverse engineering of types in binary programs},
  author={Lee, JongHyup and Avgerinos, Thanassis and Brumley, David},
  year={2011},
  publisher={Carnegie Mellon University}
}
@inproceedings{noonan2016polymorphic,
  title={Polymorphic type inference for machine code},
  author={Noonan, Matt and Loginov, Alexey and Cok, David},
  booktitle={Proceedings of the 37th ACM SIGPLAN Conference on Programming Language Design and Implementation},
  pages={27--41},
  year={2016}
}
@inproceedings{he2018debin,
  title={Debin: Predicting debug information in stripped binaries},
  author={He, Jingxuan and Ivanov, Pesho and Tsankov, Petar and Raychev, Veselin and Vechev, Martin},
  booktitle={Proceedings of the 2018 ACM SIGSAC Conference on Computer and Communications Security},
  pages={1667--1680},
  year={2018}
}
@inproceedings{chen2020cati,
  title={CATI: Context-Assisted Type Inference from Stripped Binaries},
  author={Chen, Ligeng and He, Zhongling and Mao, Bing},
  booktitle={2020 50th Annual IEEE/IFIP International Conference on Dependable Systems and Networks (DSN)},
  pages={88--98},
  year={2020},
  organization={IEEE}
}

% DECOMPILATION
@inproceedings{brumley2013native,
  title={Native x86 decompilation using semantics-preserving structural analysis and iterative control-flow structuring},
  author={Brumley, David and Lee, JongHyup and Schwartz, Edward J and Woo, Maverick},
  booktitle={22nd $\{$USENIX$\}$ Security Symposium ($\{$USENIX$\}$ Security 13)},
  pages={353--368},
  year={2013}
}
@inproceedings{yakdan2015no,
  title={No More Gotos: Decompilation Using Pattern-Independent Control-Flow Structuring and Semantic-Preserving Transformations.},
  author={Yakdan, Khaled and Eschweiler, Sebastian and Gerhards-Padilla, Elmar and Smith, Matthew},
  booktitle={NDSS},
  year={2015},
  organization={Citeseer}
}
@inproceedings{lacomis2019dire,
  title={DIRE: A neural approach to decompiled identifier naming},
  author={Lacomis, Jeremy and Yin, Pengcheng and Schwartz, Edward and Allamanis, Miltiadis and Le Goues, Claire and Neubig, Graham and Vasilescu, Bogdan},
  booktitle={2019 34th IEEE/ACM International Conference on Automated Software Engineering (ASE)},
  pages={628--639},
  year={2019},
  organization={IEEE}
}
@inproceedings{engel2011enhanced,
  title={Enhanced structural analysis for C code reconstruction from IR code},
  author={Engel, Felix and Leupers, Rainer and Ascheid, Gerd and Ferger, Max and Beemster, Marcel},
  booktitle={Proceedings of the 14th International Workshop on Software and Compilers for Embedded Systems},
  pages={21--27},
  year={2011}
}
@inproceedings{fokin2010reconstruction,
  title={Reconstruction of class hierarchies for decompilation of C++ programs},
  author={Fokin, Alexander and Troshina, Katerina and Chernov, Alexander},
  booktitle={2010 14th European Conference on Software Maintenance and Reengineering},
  pages={240--243},
  year={2010},
  organization={IEEE}
}
@book{van2007static,
  title={Static single assignment for decompilation},
  author={Van Emmerik, Michael James},
  year={2007},
  publisher={University of Queensland}
}
@book{cifuentes1994reverse,
  title={Reverse compilation techniques},
  author={Cifuentes, Cristina},
  year={1994},
  publisher={Citeseer}
}
@article{fu2019coda,
  title={Coda: An end-to-end neural program decompiler},
  author={Fu, Cheng and Chen, Huili and Liu, Haolan and Chen, Xinyun and Tian, Yuandong and Koushanfar, Farinaz and Zhao, Jishen},
  journal={Advances in Neural Information Processing Systems},
  volume={32},
  pages={3708--3719},
  year={2019}
}
@inproceedings{grech2019gigahorse,
  title={Gigahorse: thorough, declarative decompilation of smart contracts},
  author={Grech, Neville and Brent, Lexi and Scholz, Bernhard and Smaragdakis, Yannis},
  booktitle={2019 IEEE/ACM 41st International Conference on Software Engineering (ICSE)},
  pages={1176--1186},
  year={2019},
  organization={IEEE}
}
@article{kim2021refining,
  title={Refining Indirect Call Targets at the Binary Level},
  author={Kim, Sun Hyoung and Sun, Cong and Zeng, Dongrui and Tan, Gang},
  year={2021}
}

% BINARY REWRITING
@inproceedings{wang2017ramblr,
  title={Ramblr: Making Reassembly Great Again.},
  author={Wang, Ruoyu and Shoshitaishvili, Yan and Bianchi, Antonio and Machiry, Aravind and Grosen, John and Grosen, Paul and Kruegel, Christopher and Vigna, Giovanni},
  booktitle={NDSS},
  year={2017}
}
@inproceedings{williams2020egalito,
  title={Egalito: Layout-agnostic binary recompilation},
  author={Williams-King, David and Kobayashi, Hidenori and Williams-King, Kent and Patterson, Graham and Spano, Frank and Wu, Yu Jian and Yang, Junfeng and Kemerlis, Vasileios P},
  booktitle={Proceedings of the Twenty-Fifth International Conference on Architectural Support for Programming Languages and Operating Systems},
  pages={133--147},
  year={2020}
}
@inproceedings{dinesh2020retrowrite,
  title={Retrowrite: Statically instrumenting cots binaries for fuzzing and sanitization},
  author={Dinesh, Sushant and Burow, Nathan and Xu, Dongyan and Payer, Mathias},
  booktitle={2020 IEEE Symposium on Security and Privacy (SP)},
  pages={1497--1511},
  year={2020},
  organization={IEEE}
}
@inproceedings{duck2020binary,
  title={Binary rewriting without control flow recovery},
  author={Duck, Gregory J and Gao, Xiang and Roychoudhury, Abhik},
  booktitle={Proceedings of the 41st ACM SIGPLAN Conference on Programming Language Design and Implementation},
  pages={151--163},
  year={2020}
}
@inproceedings{zhang2021stochfuzz,
  title={StochFuzz: Sound and Cost-effective Fuzzing of Stripped Binaries by Incremental and Stochastic Rewriting},
  author={Zhang, Zhuo and You, Wei and Tao, Guanhong and Aafer, Yousra and Liu, Xuwei and Zhang, Xiangyu},
  booktitle={2021 IEEE Symposium on Security and Privacy (SP)},
  pages={659--676},
  year={2021},
  organization={IEEE}
}

% C++
@inproceedings{katz2016estimating,
  title={Estimating types in binaries using predictive modeling},
  author={Katz, Omer and El-Yaniv, Ran and Yahav, Eran},
  booktitle={Proceedings of the 43rd Annual ACM SIGPLAN-SIGACT Symposium on Principles of Programming Languages},
  pages={313--326},
  year={2016}
}
@inproceedings{schwartz2018using,
  title={Using logic programming to recover c++ classes and methods from compiled executables},
  author={Schwartz, Edward J and Cohen, Cory F and Duggan, Michael and Gennari, Jeffrey and Havrilla, Jeffrey S and Hines, Charles},
  booktitle={Proceedings of the 2018 ACM SIGSAC Conference on Computer and Communications Security},
  pages={426--441},
  year={2018}
}
@inproceedings{erinfolami2020devil,
  title={Devil is Virtual: Reversing Virtual Inheritance in C++ Binaries},
  author={Erinfolami, Rukayat Ayomide and Prakash, Aravind},
  booktitle={Proceedings of the 2020 ACM SIGSAC Conference on Computer and Communications Security},
  pages={133--148},
  year={2020}
}

% OTHERS
@inproceedings{serebryany2012addresssanitizer,
  title={Addresssanitizer: A fast address sanity checker},
  author={Serebryany, Konstantin and Bruening, Derek and Potapenko, Alexander and Vyukov, Dmitriy},
  booktitle={2012 $\{$USENIX$\}$ Annual Technical Conference ($\{$USENIX$\}$$\{$ATC$\}$ 12)},
  pages={309--318},
  year={2012}
}
@misc{zalewski2014american,
  title={American fuzzy lop},
  author={Zalewski, Michal},
  year={2014}
}
@inproceedings{kocher2019spectre,
  title={Spectre attacks: Exploiting speculative execution},
  author={Kocher, Paul and Horn, Jann and Fogh, Anders and Genkin, Daniel and Gruss, Daniel and Haas, Werner and Hamburg, Mike and Lipp, Moritz and Mangard, Stefan and Prescher, Thomas and others},
  booktitle={2019 IEEE Symposium on Security and Privacy (SP)},
  pages={1--19},
  year={2019},
  organization={IEEE}
}
@online{cet,
  author = {{Intel}},
  title = {Control-flow Enforcement Technology Preview},
  year = 2017,
  url = {https://software.intel.com/sites/default/files/managed/4d/2a/control-flow-enforcement-technology-preview.pdf},
  urldate = {2017}
}
@inproceedings{williams2016shuffler,
  title={Shuffler: Fast and deployable continuous code re-randomization},
  author={Williams-King, David and Gobieski, Graham and Williams-King, Kent and Blake, James P and Yuan, Xinhao and Colp, Patrick and Zheng, Michelle and Kemerlis, Vasileios P and Yang, Junfeng and Aiello, William},
  booktitle={12th $\{$USENIX$\}$ Symposium on Operating Systems Design and Implementation ($\{$OSDI$\}$ 16)},
  pages={367--382},
  year={2016}
}
@inproceedings{balakrishnan2004analyzing,
  title={Analyzing memory accesses in x86 executables},
  author={Balakrishnan, Gogul and Reps, Thomas},
  booktitle={International conference on compiler construction},
  pages={5--23},
  year={2004},
  organization={Springer}
}
@inproceedings{bellard2005qemu,
  title={QEMU, a fast and portable dynamic translator.},
  author={Bellard, Fabrice},
  booktitle={USENIX annual technical conference, FREENIX Track},
  volume={41},
  pages={46},
  year={2005},
  organization={Califor-nia, USA}
}
@article{chipounov2011s2e,
  title={S2E: A platform for in-vivo multi-path analysis of software systems},
  author={Chipounov, Vitaly and Kuznetsov, Volodymyr and Candea, George},
  journal={Acm Sigplan Notices},
  volume={46},
  number={3},
  pages={265--278},
  year={2011},
  publisher={ACM New York, NY, USA}
}
@article{ben2018neural,
  title={Neural Code Comprehension: A Learnable Representation of Code Semantics},
  author={Ben-Nun, Tal and Jakobovits, Alice Shoshana and Hoefler, Torsten},
  journal={Advances in Neural Information Processing Systems},
  volume={31},
  pages={3585--3597},
  year={2018}
}
@inproceedings{balakrishnan2005codesurfer,
  title={Codesurfer/x86—a platform for analyzing x86 executables},
  author={Balakrishnan, Gogul and Gruian, Radu and Reps, Thomas and Teitelbaum, Tim},
  booktitle={International Conference on Compiler Construction},
  pages={250--254},
  year={2005},
  organization={Springer}
}
@article{geurts2006extremely,
  title={Extremely randomized trees},
  author={Geurts, Pierre and Ernst, Damien and Wehenkel, Louis},
  journal={Machine learning},
  volume={63},
  number={1},
  pages={3--42},
  year={2006},
  publisher={Springer}
}
@inproceedings{mikolov2013distributed,
  title={Distributed representations of words and phrases and their compositionality},
  author={Mikolov, Tomas and Sutskever, Ilya and Chen, Kai and Corrado, Greg S and Dean, Jeff},
  booktitle={Advances in neural information processing systems},
  pages={3111--3119},
  year={2013}
}
